@article{ashby1986,
    author = "Ashby, F.G. and Townsend, J.T.",
    title = "Varieties of Perceptual Independence",
    journal  = "Psychological Review",
    volume = "93",
    number = "2",
    year = "1986",
    pages = "154 - 179"
}

@article{ashby1989,
    author = "Ashby, F.G",
    title = "Stochastic General Recognition Theory",   
    year = "1989",
    journal = "Perception \& Psychophysics", 
    volume = "44", 
    pages = "195 - 204"
}

@article{ashby2000,
    author = "Ashby, F.G.",
    title  = "A stochastic version of General Recognition Theory",
    journal  = "Journal of Mathematical Psychology",
    year  = "2000",
    volume = "44",
    pages = "310 - 329"
}

@incollection{ashby2015,
    author = "Ashby, F.G. and Soto, F.A",
    year = "2015",
    title = "Multidimensional Signal Detection Theory",
    booktitle = "The {Oxford} Handbook of Computational and Mathematical Psychology",
    editor = "Busemeyer, J.R. and Wang, Z. and Townsend, J.T. and Eidels, A.",
    chapter = "2"
}

@article{amrhein2017,
    author = "Amrhein, V. and Korner-Nievergelt, F. and Roth, T.",
    title = "The earth is flat($p > 0.05$): significance thresholds and the crisis of unreplicable research",
    journal = "PeerJ",
    year = "2017",
    volume = "5:e3544"
}

@article{allen2014,
    author = "Allen, E.J. and Oxenham, A.J",
    title = "Symmetric interactions and interference between pitch and timbre",
    journal = "Journal of Acoustical Society of America",
    volume = "135",
    number = "3",
    year = "2014",
    pages = "1371 - 1379"
}

@misc{betancourt2017,
    author = "Betancourt, M.",
    title = "Identifying {Bayesian} Mixture Models",
    year = "2017",
    howpublished = "\url{http://mc-stan.org/users/documentation/case-studies/identifying_mixture_models.html}",
     note = "Accessed: 2018-5-17"
}

@article{boys1989,
    author = "Boys, R.J",
    title = "Algorithm {AS R80}: A Remark on Algorithm {AS 76}: An Integral Useful in Calculating Noncentral $t$ and Bivariate Normal Probabilities",
    year = "1989",
    journal = "Journal of the Royal Statistical Society. Series C (Applied Statistics)",
    volume = "38",
    number = "3",
    pages = "580 - 582"
}

@book{box2005,
    author = "Box, G.E.P. and Hunter, J.S. and Hunter, W.G",
    title = "Statistics for Experimenters: Design, Innovation, and Discovery",
    edition  = "2",
    year = "2005",
    publisher = "New Jersey: John Wiley \& Sons"
}

@article{benjamin2009, 
    author = "Benjamin, A. S. and Diaz, M. and Wee, S.",
    year = "2009", 
    title = "Signal detection with criterion noise: Applications to recognition memory", 
    journal = "Psychological Review",
    volume = "116",
    number = "1", 
    pages = "84–115"
}

@phdthesis{burns2014,
    title = "The many faces of {Garner} interference",
    author = "Burns, D.M.",
    year = "2014",
    school = "Indiana University"
}

@article{cabrera2015,
    author = "Cabrera, C.A. and Lu, Z.-L. and Dosher, B.A.",
    title = "Separating Decision and Encoding Noise in Signal Detection Tasks",
    year = "2015",
    journal = "Psychological Review",
    volume = "122",
    number = "3",
    pages = "429 - 440"

}

@article{cohen2003,
	author = "Cohen, D.J.",
	title = "Direct estimation of multidimensional perceptual distributions: Assessing hue and form",
	year = "2003",
	volume = "65",
	number = "7",
	journal = "Perception \& Psychophysics",
    pages  = "1145 - 1160"
}

@article{chopin2002,
	author = "Chopin, N.",
	title = "A Sequential Particle Filter Method for Static Models",
	journal = "Biometrika",
	year = "2002",
	volume = "89",
	number = "3",
	pages = "539 - 551"
}

@book{christensen1997,
    author = "Christensen, L.B",
    year = "1997",
    title = "Experimental methodology",
    edition  = "7",
    publisher = "Allyn and Bacon: Boston"
}

@article{dai2011,
	title = "Psychometric functions for pure-tone frequency discrimination",
	author = "Dai, H. and Micheyl, C.",
	year = "2011", 
	volume = "130", 
	number = "1",
	pages = "263 - 272", 
	journal = "Journal of the Acoustical Society of America"
}

@article{dimattina2015,
	author = "DiMattina, C.",
	title = "Fast adaptive estimation of multidimensional psychometric functions",
	journal = "Journal of Vision",
	year = "2015",
	volume = "15",
	number = "9",
	pages = "1 - 20"
}

@article{decarlo2010,
    author = "Decarlo, L.T.",
    title = "On the statistical and theoretical basis of signal detection theory and extensions: unequal variance, random coefficient, and mixture models",
    journal = "Journal of Mathematical Psychology",
    volume = "54",
    year = "2010"
}

@article{decarlo2012,
    author = "DeCarlo, L.T.",
    title = "On a signal detection approach to $m$-alternative forced choice with bias, with maximum likelihood and {Bayesian} approaches to estimation",
    year = "2012",
    volume = "56",
    pages = "196 - 207"
}

@article{decarlo1998, 
    author = "Decarlo, L.T",
    year = "1998",
    title = "Signal Detection Theory and Generalized Linear Models",
    journal = "Psychological methods",
    volume = "3",
    number = "2",
    pages = "186 - 205"
}

@unpublished{ennis2003,
    author = "Ennis, D.M. and Ashby, F.G.",
    year = "2003",
    title = "Fitting decision bound models to identification or categorization data",
    howpublished = "http://www.psych.ucsb.edu/~ashby/cholesky.pdf"
}

@book{garner1974, 
    author = "Garner, W.R.",
    title = "The processing of information and structure",
    publisher = "Hillsdale, NJ: Erlbaum",
    year = "1974"
}

@article{garciaperez2007,
    author = "García-Pérez, M.A. and Alcalá-Quintana, Rocío",
    title = "Bayesian adaptive estimation of arbitrary points on a psychometric function", 
    year = "2007",
    volume = "60",
    journal = "British Journal of Mathematical and Statistical Psychology",
    pages  = "147 - 174"
}

@book{bda,
  author = "Gelman, Andrew and Carlin, John B. and Stern, Hal S. and Dunson, David B. and Vehtari, Aki and Rubin, Donald B.",
  edition = "3",
  publisher = "Chapman and Hall, CRC",
  title = "Bayesian Data Analysis",
  year = "2014"
}

@article{gelman2012,
  title = "Why we (usually) don't have to worry about multiple comparisons",
  author = "Gelman, A. and Hill, J. and Yajima, M.",
  year = "2012",
  pages = "189 - 211",
  journal = "Journal of Research on Educational Effectiveness",
  volume = "5"
}

@article{gelman2014, 
  title = "Beyond power calculations: Assessing type {S} (sign) and type {M} (magnitude) errors",
  author = "Gelman, A. and Carlin, J",
  journal = "Perspectives on Psychological Science",
  volume = "9",
  number = "6",
  pages = "641 - 651",
  year = "2014"
  
}

@article{gelman2018,
    author = "Gelman, A.",
    title = "The failure of null hypothesis significance testing when studying incremental changes, and what to do about it",
    year  = "2018",
    journal = "Personality and Social Psychology Bulletin",
    volume = "44",
    number = "1",
    pages = "16-23"
}

@article{grau1988,
  author = "Grau, J.W. and Kemler Nelson, D.G.",
  title = "The distinction between integral and separable dimensions: evidence for the integrality of pitch and loudness",
  journal = "Journal of Experimental Psychology: General",
  year = "1988",
  volume = "117",
  number = "4",
  pages = "347 - 370"
}

@article{greenland2016,
    title={Statistical tests, {P} values, confidence intervals, and power: a guide to misinterpretations},
    author={Greenland, S. and Senn, S. J. and Rothman, K. J and Carlin, J. B. and Poole, C. and Goodman, S. N. and Altman, D. G.},
    journal={European journal of epidemiology},
    volume={31},
    number={4},
    pages={337–350},
    year={2016}
}

@incollection{houtsma1995,
  title = "Chapter 8 - Pitch Perception",
  editor = "Brian C.J. Moore",
  booktitle = "Hearing",
  publisher = "Academic Press",
  address = "San Diego",
  pages = "267 - 295",
  year = "1995",
  series = "Handbook of Perception and Cognition",
  isbn = "978-0-12-505626-7",
  doi = "https://doi.org/10.1016/B978-012505626-7/50010-8",
  url = "http://www.sciencedirect.com/science/article/pii/B9780125056267500108",
  author = "Adrianus J.M. Houtsma"
}

@incollection{kadlec1992,
    year = "1992",
    author = "Kadlec, H. and Townsend, J.T.",
    title = "Signal Detection Analyses of Dimensional Interactions",
    booktitle = "Multidimensional models of perception and cognition",
    editor = "Ashy, F.G",
    chapter = "8"
}

@article{kellen2012,
    author = {Kellen, David and Klauer, Karl and Singmann, Henrik},
    year = {2012},
    month = {04},
    pages = {457-79},
    title = {On the Measurement of Criterion Noise in Signal Detection Theory: The Case of Recognition Memory},
    volume = {119},
    journal = {Psychological review}
}

@article{keller2018,
  author = "Keller, M. and Kamary, K.",
  title = "Bayesian model selection and averating via mixture model estimation",
  year = "2018",
  howpublished = "arxiv:1711.1006v2"
  }

@article{kemler1993,
    author = "Kemler Nelson, D.G.",
    title = "Processing integral dimensions: the whole view",
    year = "1993",
    journal = "Journal of Experimental Psychology: Human Perception and Performance",
    volume = "19",
    number = "5",
    pages = "1105 - 1113"
}

@book{kingdomprins2010,
	author = "Kingdom, F.A.A. and Prins, N.",
	title = "Psychophysics: A Practical Introduction",
	year = "2010"
}

@book{kline2004, 
    author = "Kline, R.B.",
    year = "2004",
    title = "Beyond Significance Testing: reforming data analysis methods in behavioral research",
    publisher = "Washington: American Psychological Association"
}

@article{kontsevichtyler1999,
	author = "Kontsevich, L.L. and Tyler, C.W",
	title = "Bayesian adaptive estimation of psychometric slope and threshold",
	year = "1999",
	volume = "39",
	number = "16",
	journal = "Vision Research"
}

@article{klein2001,
    author = "Klein, S.A.",
    title = "Measuring, estimating, and understanding the psychometric function: A commentary",
    year = "2001",
    journal = "Perception \& Psychophysics",
    volume = "63",
    number = "3",
    pages = "1421 - 1455"
}

@book{kruschke2015,
	author = "Kruschke, J.B",
	title = "Doing {Bayesian} Data Analysis: A Tutorial With {R}, {Jags}, and {Stan}",
	year = "2015",
    edition = "2"
}

@article{krumhansl1992, 
    author = "Krumhansl, C. and Iverson, P.", 
    year = "1992",
    title = "Perceptual interactions between musical pitch and timbre",
    journal  = "Journal of Experimental Psychology: Perception and Performance",
    volume = "18",
    pages = "739 - 751"
}

@article{kujalalukka2006,
	title = "Bayesian Adaptive Estimation: The Next Dimension",
	journal = "Journal of Mathematical Psychology",
	author = "Kujala, J.V. and Lukka, T.J",
	year = "2006",
	volume = "50",
	pages = "369 - 389"
}

@incollection{kujala2011,
    author = "Kujala, J.V.",
    year = "2011",
    title = "Bayesian Adaptive Estimation: A Theoretical Review",
    chapter = "6"
}

@article{lee2011,
  author = "Lee, M.D.",
  year = "2011",
  title = "How cognitive modeling can benefit from hierarchical Bayesian models",
  journal = "Journal of Mathematical Psychology",
  number = "55",
  pages = "1-7"
 }

@article{lesmes2006,
    author = "Lesmes, L.A. and Jeon, S-T and Lu, Z.
-L and Dosher, B.A.",
    title = "Bayesian adaptive estimation of threshold versus contrast external noise functions: The quick $TvC$ method",
    year = "2006",
    journal = "Vision research",
    volume = "46",
    pages = "3160 - 3176"
}
    

@article{lesmes2015,
    author = "Lesmes, L.A. and Lu, Z-L. and Baek, J. and Tran, N. and Dosher, B. and Albright, T.D.",
    title = "Developing {Bayesian} adaptive methods for estimating sensitivity thresholds($d'$) in Yes-No and forced-choice tasks",
    journal = "Frontiers in Psychology",
    volume = "6",
    number = "1070",
    year = "2015"
}

@article{melara1993,
    author = "Melara, R.D. and Marks, L.E. and Potts, B.C.",
    year = "1993",
    journal = "Journal of Experimental Psychology: Human Perception and Performance",
    volume = "19",
    number = "5",
    pages = "1114 - 1120"
}

@article{neely2005,
    author = "Neely, S.T. and Jesteadt, W.",
    year = "2005",
    title = "Quadratic-Compression Model of Auditory Discrimination and Detection",
    journal = "Acta Acustica United With Acustica",
    volume = "91",
    pages = "980 - 991"
}

@article{neuhoff1999,
  title = "Dynamic frequency change influences loudness perception: A central, analytic process", 
  author = "Neuhoff, J.G. and McBeath, M.K. and Wanzie, W.C.",
  year = "1999",
  journal = "Journal of Experimental Psychology: Human perception and Performance",
  volume = "25",
  number = "4",
  pages = "1050 - 1059"
}

@phdthesis{oron2007,
    title = "Up-and-down and the percentile-finding problem",
    author = "Oron, Assaf Peretz",
    year = "2007",
    school = "University of Washington"
}


@misc{pan2017,
    author = "Pan, K.",
    title = "An Analytical Expression for Bivariate Normal Distribution",
    year = "2017",
    howpublished = "\url{https://papers.ssrn.com/sol3/papers.cfm?abstract_id=2924071}",
    note = "Accessed: 26.11.2019"
}

@article{prins2012,
    year = "2012",
    author  = "Prins, N.",
    title = "The psychometric function: The lapse rate revisited",
    journal = "Journal of vision",
    volume = "12",
    number = "6",
    pages = "1-16"   
}

@article{platt1985, 
    author = "Platt, J.R. and Racine, R.J",
    title = "Effect of frequency, timbre, experience and feedback on musical tuning skills",
    year = "1985",
    journal = "Perception \& Psychophysics",
    volume = "38",
    number = "6",
    pages = "543 - 553"
}

@book{ross2010,
	year = "2010",
	author = "Ross, Sheldon",
	title = "A first course in probability",
	edition = "8",
	publisher = "Pearson Education"
}

@Manual{r_language,
   title = {R: A Language and Environment for Statistical Computing},
   author = {{R Core Team}},
   organization = {R Foundation for Statistical Computing},
   address = {Vienna, Austria},
   year = {2019},
   url = {https://www.R-project.org/},
}

@article{shen2013,
    year = "2013",
    journal  = "Journal of Acoustical Society of America",
    volume = "10",
    number = "2",
    author = "Shen, Y. and Richards, V.M",
    title = "Bayesian adaptive estimation of the auditory filter"
}

@article{shen2014,
	author = "Shen, J. and Sivakumar, R. and Richards, M.",
	title = "Rapid estimation of high-parameter auditory filters",
	journal = "Journal of the Acoustical Society of America",
	volume = "136",
    number = "4",
    year = "2014",
	pages = "1857 - 1868"
}

@phdthesis{silbert2010,
    author = "Silbert, N.",
    title = "Integration of phonological information in obstruent consonant identification",
    year = "2010",
    school = "Indiana University"
}

@article{silbert2009,
    author = "Silbert, N.H. and Townsend, J.T. and Lentz, J.J.",
    title = "Independence and separability in the perception of complex nonspeech sounds",
    year = "2009",
    volume = "71",
    number = "8",
    journal = "Attention, Perception, \& Psychophysics",
    pages = "1900 - 1915"
}

@article{silbert2013,
    author = "Silbert, N. and Thomas, R.D.",
    year = "2013",
    title = "Decisional separability, model identification, and statistical inference in the general recognition theory framework",
    journal = "Psychonomic Bulletin \& Review",
    volume = "20",
    pages = "1 - 20"
}

@misc{silbert2016,
    author = "Silbert, N. and Thomas, R.D.",
    year = "2016",
    howpublished = "https://arxiv.org/pdf/1606.05598.pdf",
    note = "Accessed: 7.6.2018"
}

@article{soto2015,
    title = "General recognition theory with individual differences: a new method for examining perceptual and decisional interactions with an application to face perception",
    author = "Soto, F.A. and Vucovich, L. and Musgrave, R. and Ashby, F.G",
    year = "2015",
    journal = "Psychonomic Bulletin \& Review",
    volume = "22",
    number = "1",
    pages = "88 - 111"
}

@article{soto2017, 
    author = "Soto, F. A and Zheng, E. and Fonseca, J. and Ashby, F.G",
    title = "Testing Separability and Independence of Perceptual Dimensions with General Recognition Theory: A Tutorial and New {R} package (\textit{grtools})",
    journal = "Frontiers in Psychology",
    year = "2017"
}

@article{speekenbrink2016,
	author = "Speekenbrink, M.",
	title = "A Tutorial on Particle Filters",
	journal = "Journal of Mathematical Psychology",
	volume = "73",
    year = "2016",
	pages = "140 - 152"
}

@book{skrondahl2004,
    author = "Skrondahl, A. and Rabe-Hesketh, S.",
    year = "2004",
    title = "Generalized Latent Variable Modeling: Multilevel, Longitudinal, and Structural Equation Models",
    publisher = "Bosa Roca, United States: Taylor \& Francis Inc"
}

@Misc{stan2019,
    title = {{RStan}: the {R} interface to {Stan}},
    author = {{Stan Development Team}},
    note = {R package version 2.19.2},
    year = {2019},
    url = {http://mc-stan.org/}
}

@Manual{stan_manual, 
  title = "Stan Modeling Language: User's guide and reference manual",
  author = {{Stan Development Team}},
  year = "2017",
  note = {This is a manual for an earlier version of {Stan}}
}

@Manual{stan_manual_new, 
  title = "Stan Reference Manual",
  author = {{Stan Development Team}},
  year = "2019",
  note = {Version 2.23},
  url = "https://mc-stan.org/docs/2_23/reference-manual/index.html"
}


@incollection{steiger1997,
  author = "Steiger, J.H. and Fouladi, R.T.",
  title = "Noncentrality interval estimation and the evaluation of statistical models",
  year = "1997",
  editor = "Harlow, L.L. and Mulaik, S.A. and  Steiger, J.H",
  booktitle = "What if there were no significance tests?",
  publisher = "Mahwah, NJ: Erlbaum",
  chapter = "9"
}

@book{stigler2003, 
    author = "Stigler, S.M",
    year = "2003",
    title = "The history of statistics: The measurement of uncertainty before 1900",
    publisher = "Cambridge: Belknap Press of Harvard University Press"
}

@article{treutwein1999,
    author = "Treuwein, B. and Strasburger, H.",
    title = "Fitting the psychometric function",
    journal = "Perception \& psychophysics",
    year = "1999",
    volume = "61",
    number = "1",
    pages = "87 - 106"
}

@incollection{trottertukey,
    author = "Trotter, H.F. and Tukey, J. W",
    title = "Conditional {Monte Carlo} for normal samples",
    booktitle = "Symposium on {Monte Carlo} Methods",
    year = "1954",
    editor = "Meyer, Herbert A.",
    pages = "64 - 79"
}

@article{townsend1988,
  title = "Feature sensitivity, bias, and interdependencies as a function of energy and payoffs",
  author = "Townsend, J.T. and Hu, G.G. and Kadlec, H.",
  journal = "Perception \& Psychophysics",
  year = "1988",
  volume = "43",
  pages = "575 - 591"
}

@article{zeigenfuse2010,
	author = "Zeigenfuse, M.D. and Lee, M.D",
	title = "A general latent assignment approach for modeling psychological contaminants",
	journal = "Journal of Mathematical Psychology",
	volume = "54",
    year = "2010",
	pages = "352 - 362"
}

@book{zwickerfastl,
  author = "Fastl, H. and Zwicker, E.",
  year = "2007",
  title = "Psychoacoustics: Facts and Models",
  publisher = "Springer"

}

@article{watson2017,
    author = "Watson, A.B.",
    title = "{QUEST+}: A general multidimensional {Bayesian} adaptive psychometric method",
    year = "2017",
    journal = "Journal of Vision",
    volume = "17",
    number = "3",
    pages  = "1 - 27"
}

@article{verde2006,
    author = "Verde, M.F. and MacMillan, N.A. and Rotello, C.M.",
    title = "Measures of sensitivity based on a single hit and false alarm rate: The accuracy, precision and robustness of $d'$, {$A_z$}, and {$A'$}",
    year = "2006",
    volume = "68",
    number = "4",
    pages = "643 - 654",
    journal =  "Perception \& Psychophysics"}

@article{wichmannhill2001,
    author = "Wichmann, F.A. and Hill, N.J",
    year = "2001", 
    title = "The psychometric function {I}: Fitting, sampling, and goodness-of-fit",
    journal  = "Perception \& psychophysics",
    volume = "63",
    pages = "1293 - 1313"    
}

@book{wickens2002,
    author = "Wickens, T.D.",
    year = "2002",
    title = "Elementary Signal Detection Theory", 
    publisher = "New York: Oxford University Press",
    edition = "3"
}

@article{wickens1992,
    title = "Maximum-Likelihood Estimation of a multivariate Gaussian rating model with excluded data",
    author = "Wickens, T.D",
    year = "1992",
    journal = "Journal of Mathematical Psychology",
    volume = "36",
    pages = "213 - 234"
}

@article{wickelgren1968,
    author = "Wickelgren, W.A.",
    title = "Unidimensional Strength Theory and Component Analysis of Noise in Absolute and Comparative Judgments",
    journal = "Journal of Mathematical Psychology",
    volume = "5",
    year = "1968",
    pages = "102 - 122"
} 
